<?xml version="1.0" encoding="UTF-8"?><collection xmlns="http://www.loc.gov/MARC21/slim"><record><leader>00612nam--2200205-u-4500</leader><controlfield tag="001">000055129</controlfield><controlfield tag="002">20161230</controlfield><controlfield tag="005">20161230201052</controlfield><controlfield tag="008">121106s1000------------r-----000-0-rus-d</controlfield><datafield ind1=" " ind2=" " tag="040"><subfield code="a">IFIN-HH</subfield></datafield><datafield ind1=" " ind2=" " tag="041"><subfield code="a">rus</subfield></datafield><datafield ind1=" " ind2=" " tag="080"><subfield code="a">538.971:541.183</subfield></datafield><datafield ind1="1" ind2=" " tag="100"><subfield code="a">Fiermans, L./S.A.</subfield></datafield><datafield ind1="1" ind2="0" tag="245"><subfield code="a">Ekeltronnaia i ionnaia spektroskopia tverdih tel</subfield><subfield code="c">L. fiermans, j. vennik, w. dekeyser (eds.)</subfield></datafield><datafield ind1=" " ind2=" " tag="260"><subfield code="a">Moskva</subfield><subfield code="b">Mir</subfield><subfield code="c">1981</subfield></datafield><datafield ind1=" " ind2=" " tag="300"><subfield code="a">467P</subfield></datafield><datafield ind1=" " ind2=" " tag="500"><subfield code="a">Titlul Original In Limba Engleza: Electron And Ion Spectroscopy Of Solids</subfield></datafield><datafield ind1="1" ind2=" " tag="700"><subfield code="a">Dekeyser, W</subfield><subfield code="e">Ed</subfield></datafield><datafield ind1=" " ind2=" " tag="852"><subfield code="a">70509</subfield><subfield code="c">539.2</subfield></datafield><datafield ind1=" " ind2=" " tag="CAT"><subfield code="a">Sys</subfield><subfield code="c">20121106</subfield><subfield code="h">111133</subfield></datafield></record></collection>